<?xml version="1.0" encoding="UTF-8"?>
<collection xmlns:xsi="http://www.w3.org/2001/XMLSchema-instance" xsi:schemaLocation="http://www.loc.gov/MARC21/slim http://www.loc.gov/standards/marcxml/schema/MARC21slim.xsd" xmlns="http://www.loc.gov/MARC21/slim">
<record>
  <leader>01045cam a22002771i 4500</leader>
  <controlfield tag="001">2595413</controlfield>
  <controlfield tag="003">NNC</controlfield>
  <controlfield tag="005">20100224194551.0</controlfield>
  <controlfield tag="008">860728m19699999iq       b    000 0 arar </controlfield>
  <datafield tag="010" ind1=" " ind2=" ">
    <subfield code="a">   72232341 /NE </subfield>
  </datafield>
  <datafield tag="035" ind1=" " ind2=" ">
    <subfield code="a">(OCoLC)13959791</subfield>
  </datafield>
  <datafield tag="035" ind1=" " ind2=" ">
    <subfield code="a">(OCoLC)ocm13959791</subfield>
  </datafield>
  <datafield tag="035" ind1=" " ind2=" ">
    <subfield code="9">AQT4982CU</subfield>
  </datafield>
  <datafield tag="035" ind1=" " ind2=" ">
    <subfield code="a">(NNC)2595413</subfield>
  </datafield>
  <datafield tag="040" ind1=" " ind2=" ">
    <subfield code="a">DLC</subfield>
    <subfield code="c">WaU</subfield>
    <subfield code="d">WaU</subfield>
  </datafield>
  <datafield tag="043" ind1=" " ind2=" ">
    <subfield code="a">a-iq---</subfield>
  </datafield>
  <datafield tag="090" ind1=" " ind2=" ">
    <subfield code="a">Z3036</subfield>
    <subfield code="b">.A9</subfield>
  </datafield>
  <datafield tag="100" ind1="1" ind2=" ">
    <subfield code="a">ʻAwwād, Kūrkīs.</subfield>
  </datafield>
  <datafield tag="245" ind1="1" ind2="0">
    <subfield code="a">Muʻjam al-muʾallifīn al-ʻ-Irāqīyīn fī al-qarnayn al-tāsiʻ ʻashar wa-al-ʻashrīn, 1800-1969.</subfield>
    <subfield code="c">Taʾlīf Kūrkīs ʻAwwād.</subfield>
  </datafield>
  <datafield tag="260" ind1=" " ind2=" ">
    <subfield code="a">Baghdād,</subfield>
    <subfield code="b">Maṭbaʻat al-Irshād</subfield>
    <subfield code="c">1969-</subfield>
  </datafield>
  <datafield tag="300" ind1=" " ind2=" ">
    <subfield code="a">v.</subfield>
    <subfield code="c">26 cm.</subfield>
  </datafield>
  <datafield tag="500" ind1=" " ind2=" ">
    <subfield code="a">Added t. p.: A dictionary of Iraqi authors during the ninetieth [sic] and twentieth centuries, 1800-1969 A. D., by Gurgis Awwad.</subfield>
  </datafield>
  <datafield tag="504" ind1=" " ind2=" ">
    <subfield code="a">Bibliography: v. 1, p. 10-24.</subfield>
  </datafield>
  <datafield tag="650" ind1=" " ind2="0">
    <subfield code="a">Authors, Iraqi</subfield>
    <subfield code="v">Bio-bibliography.</subfield>
  </datafield>
  <datafield tag="740" ind1="0" ind2=" ">
    <subfield code="a">Dictionary of Iraqi authors during the ninetieth [sic] and twentieth centuries, 1800-1969.</subfield>
  </datafield>
  <datafield tag="955" ind1=" " ind2=" ">
    <subfield code="b">0036762377</subfield>
    <subfield code="d">glx</subfield>
    <subfield code="e">Z3036 .A9</subfield>
    <subfield code="v">v.1</subfield>
  </datafield>
</record>
</collection>